<?xml version='1.0' encoding='UTF-8'?>
<record xmlns="http://www.loc.gov/MARC21/slim">
  <leader>00754cam a22002175  4500</leader>
  <controlfield tag="001">2834927</controlfield>
  <controlfield tag="003">NjP</controlfield>
  <controlfield tag="005">20171019170355.0</controlfield>
  <controlfield tag="008">991202m19269999ua c          000 0 ara d</controlfield>
  <datafield tag="024" ind1="7" ind2=" ">
    <subfield code="a">princeton_aco001987</subfield>
    <subfield code="2">local</subfield>
  </datafield>
  <datafield ind1=" " ind2=" " tag="035">
    <subfield code="a">(OCoLC)ocm42915056</subfield>
  </datafield>
  <datafield ind1=" " ind2=" " tag="035">
    <subfield code="9">CNR7353TS</subfield>
  </datafield>
  <datafield ind1=" " ind2=" " tag="040">
    <subfield code="a">PUL</subfield>
    <subfield code="c">PUL</subfield>
  </datafield>
  <datafield ind1="1" ind2=" " tag="100">
    <subfield code="a">Rashād, Ibrāhīm.</subfield>
  </datafield>
  <datafield ind1="0" ind2="3" tag="245">
    <subfield code="a">al-Taʻāwun al-zirāʻī.</subfield>
  </datafield>
  <datafield ind1="0" ind2=" " tag="246">
    <subfield code="i">At head of title:</subfield>
    <subfield code="a">Wizārat al-Maʻārif al-ʻUmūmīyah</subfield>
  </datafield>
  <datafield ind1=" " ind2=" " tag="260">
    <subfield code="a">Cairo,</subfield>
    <subfield code="b">al-Maṭbaʻah al-Amīrīyah,</subfield>
    <subfield code="c">1926-</subfield>
  </datafield>
  <datafield ind1=" " ind2=" " tag="300">
    <subfield code="a">v.</subfield>
    <subfield code="b">ports.</subfield>
    <subfield code="c">27 cm.</subfield>
  </datafield>
  <datafield ind1=" " ind2=" " tag="546">
    <subfield code="a">In Arabic.</subfield>
  </datafield>
  <datafield ind1=" " ind2="0" tag="650">
    <subfield code="a">Agriculture, Cooperative.</subfield>
    <subfield code="0">http://id.loc.gov/authorities/subjects/sh85002472</subfield>
  </datafield>
  <datafield ind1=" " ind2=" " tag="945">
    <subfield code="a">F</subfield>
    <subfield code="b">1</subfield>
    <subfield code="c">2274.35605.389.1926</subfield>
    <subfield code="e">v.1</subfield>
  </datafield>
  <datafield ind1=" " ind2=" " tag="911">
    <subfield code="a">20000220</subfield>
  </datafield>
  <datafield ind1="0" ind2="1" tag="852">
    <subfield code="0">3147384</subfield>
    <subfield code="b">nec</subfield>
    <subfield code="h">HD1491.A3</subfield>
    <subfield code="i">R374 1926</subfield>
  </datafield>
  <datafield ind1=" " ind2="0" tag="866">
    <subfield code="0">3147384</subfield>
    <subfield code="a">Vol. 1</subfield>
  </datafield>
  <datafield ind1=" " ind2=" " tag="959">
    <subfield code="a">2000-06-13 00:00:00 -0400</subfield>
  </datafield>
</record>
